
@inproceedings{CSABr,
	title = {Central {Simple} {Algebras} and the {Brauer} group},
	booktitle = {{XVII} {Latin} {American} {Algebra} {Colloquium}},
	author = {Tengan, Eduardo},
	year = {2009},
	file = {cft.pdf:/storage/Zotero/storage/HQ3FW59L/cft.pdf:application/pdf}
}